%% LaTeX2e file `refs.bib'
%% generated by the `filecontents' environment
%% from source `main' on 2023/04/16.
%%
@article{lorenz,
      author = "Edward N. Lorenz",
      title = "Deterministic Nonperiodic Flow",
      journal = "Journal of Atmospheric Sciences",
      year = "1963",
      publisher = "American Meteorological Society",
      address = "Boston MA, USA",
      volume = "20",
      number = "2",
      pages=      "130 - 141"
}
@article{rossler,
    author = {Rossler, Otto},
    year = {1976},
    month = {07},
    pages = {397-398},
    title = {An Equation for Continuous Chaos},
    volume = {57},
    journal = {Physics Letters A}
}
@misc{bouali,
  author = {Bouali, Safieddine},
  keywords = {Chaotic Dynamics (nlin.CD), FOS: Physical sciences, FOS: Physical sciences, 37D45},
  title = {A 3D Strange Attractor with a Distinctive Silhouette. The Butterfly Effect Revisited},
  publisher = {arXiv},
  year = {2013},
  copyright = {arXiv.org perpetual, non-exclusive license}
}
@misc{SENECH,
  author       = "David S^^c3^^a9n^^c3^^a9chal",
  title        = "M^^c3^^a9thodes num^^c3^^a9riques et simulations",
  month        = "March",
  year         = "2020",
}
@misc{LEswiki,
    author = "{Wikipedia contributors}",
    title = "Lyapunov exponent --- {Wikipedia}{,} The Free Encyclopedia",
    year = "2023"
  }
