@article{poin_carre,
    author = {H. Poincar{\'e}},
    title = {{Introduction}},
    volume = {13},
    journal = {Acta Mathematica},
    number = {1-2},
    publisher = {Institut Mittag-Leffler},
    pages = {5 -- 7},
    year = {1900},
    doi = {10.1007/BF02392506},
    URL = {https://doi.org/10.1007/BF02392506}
}

@article{yorke,
    author = {Celso Grebogi  and Edward Ott  and James A. Yorke },
    title = {Chaos, Strange Attractors, and Fractal Basin Boundaries in Nonlinear Dynamics},
    journal = {Science},
    volume = {238},
    number = {4827},
    pages = {632-638},
    year = {1987},
    doi = {10.1126/science.238.4827.632}
}

@article{butterfly,
    AUTHOR = {Rouvas-Nicolis, C.  and Nicolis, G. },
    TITLE   = {{B}utterfly effect},
    YEAR    = {2009},
    JOURNAL = {Scholarpedia},
    VOLUME  = {4},
    NUMBER  = {5},
    PAGES   = {1720},
    DOI     = {10.4249/scholarpedia.1720}
}

@article{rossler,
    author = {Rossler, Otto},
    year = {1976},
    month = {07},
    pages = {397-398},
    title = {An Equation for Continuous Chaos},
    volume = {57},
    journal = {Physics Letters A},
    doi = {10.1016/0375-9601(76)90101-8}
}

@article{lorenz,
      author = "Edward N. Lorenz",
      title = "Deterministic Nonperiodic Flow",
      journal = "Journal of Atmospheric Sciences",
      year = "1963",
      publisher = "American Meteorological Society",
      address = "Boston MA, USA",
      volume = "20",
      number = "2",
      doi = "https://doi.org/10.1175/1520-0469(1963)020<0130:DNF>2.0.CO;2",
      pages=      "130 - 141",
      url = "https://journals.ametsoc.org/view/journals/atsc/20/2/1520-0469_1963_020_0130_dnf_2_0_co_2.xml"
}

@misc{bouali,
  doi = {10.48550/ARXIV.1311.6128},
  url = {https://arxiv.org/abs/1311.6128},
  author = {Bouali, Safieddine},
  keywords = {Chaotic Dynamics (nlin.CD), FOS: Physical sciences, FOS: Physical sciences, 37D45},
  title = {A 3D Strange Attractor with a Distinctive Silhouette. The Butterfly Effect Revisited},
  publisher = {arXiv},
  year = {2013},
  copyright = {arXiv.org perpetual, non-exclusive license}
}

@ARTICLE{LEs,
AUTHOR = {Politi, A. },
TITLE   = {{L}yapunov exponent},
YEAR    = {2013},
JOURNAL = {Scholarpedia},
VOLUME  = {8},
NUMBER  = {3},
PAGES   = {2722},
DOI     = {10.4249/scholarpedia.2722},
NOTE    = {revision \#137286}
}

  @misc{LEs_wiki,
    author = "{Wikipedia contributors}",
    title = "Lyapunov exponent --- {Wikipedia}{,} The Free Encyclopedia",
    year = "2023",
    url = "https://en.wikipedia.org/w/index.php?title=Lyapunov_exponent&oldid=1133944219",
    note = "[Online; accessed 2-April-2023]"
  }

@misc{SENECH,
  author       = "David Sénéchal",
  title        = "Méthodes numériques et simulations",
  howpublished = {\url{https://www.physique.usherbrooke.ca/pages/sites/default/files/PHQ404_0.pdf}},
  month        = "March",
  year         = "2020",
  note         = "Accessed: 2023-04-03"
}

@misc{uniqueness,
    author = "{Wikipedia contributors}",
    title = "Picard–Lindelöf theorem --- {Wikipedia}{,} The Free Encyclopedia",
    year = "2023",
    url = "https://en.wikipedia.org/w/index.php?title=Picard%E280%93Lindel%C3%B6f_theorem&oldid=1143705278",
    note = "[Online; accessed 10-April-2023]"
  }

@misc{bifurcation,
    author = "{Wikipedia contributors}",
    title = "Bifurcation diagram --- {Wikipedia}{,} The Free Encyclopedia",
    year = "2022",
    url = "https://en.wikipedia.org/w/index.php?title=Bifurcation_diagram&oldid=1116641037",
    note = "[Online; accessed 10-April-2023]"
  }